3517 5867
236 437 288 492 110
500 425 772 492 smtnnowsin.
1215 425 1487 490 s1a2anowss1.

237 583 311 590 ......-
337 584 373 590 -.
389 584 428 589 ..-
450 571 683 590 .....-..-..-...’-..
697 583 815 590 ..-..--.
831 584 837 589 .
855 583 890 590 ...-
911 583 966 588 -..-
1017 583 1095 589 ....-
1109 583 1194 589 --..-

235 651 374 714 omnium
406 648 512 714 dolore
537 649 786 732 tumularentur,
819 651 852 713 in
877 649 957 714 San·
973 649 976 689 ¹
994 650 1159 734 Doctoris,
1195 648 1344 732 Collegae
1375 648 1526 733 Minoris,
1555 645 1708 711 Ecclesiae

235 741 356 804 ctuario
379 738 509 803 Domini
533 762 551 802 a
577 740 619 802 M.
646 738 801 804 Stanislao
816 738 957 824 dosepho
994 738 1192 803 Cathedralis
1225 737 1440 802 Praemislien.
1471 748 1503 801 et
1525 736 1708 820 Collegiutse

234 827 455 892 Biezanowski
487 829 616 914 Leopol.
649 828 680 891 in
704 828 799 892 Alma
823 828 957 892 Univer·
974 862 977 897 ι
994 827 1051 893 SS.
1076 828 1228 893 Omnium
1252 827 1351 892 Crae:
1377 825 1540 905 Canonici,
1564 825 1642 889 dum
1663 847 1709 908 per

235 919 326 982 sitate
350 918 540 982 Cracovieri:
568 915 787 1003 Philosophiae
807 919 956 997 Doctore,
974 900 977 963 l
994 918 1202 981 clarissimum
1226 926 1257 980 et
1283 915 1397 980 adum:
1428 914 1576 979 Rodum:
1602 916 1707 999 Duum,

234 1004 365 1090 Collega
388 1007 521 1092 Minore,
547 1005 715 1070 Ordinario
733 1007 865 1070 Po'eseos
882 1006 958 1069 Pro·
973 994 1035 1069 ll).
1061 1006 1105 1069 M.
1130 1004 1300 1089 Albertum
1317 1005 1493 1078 Lancuclsi,
1517 1005 1547 1069 J.
1573 1004 1614 1067 U.
1637 1004 1710 1065 Doc-

234 1095 369 1177 sessore,
402 1095 528 1158 funebri
560 1095 710 1179 obsequio
742 1098 956 1178 consignatus.
975 1118 977 1205 p
995 1109 1105 1179 torem,
1128 1109 1160 1158 et
1176 1095 1398 1178 Professorem,
1414 1092 1577 1158 Ecclesiae
1594 1091 1708 1172 Colleg:

234 1184 329 1247 Anno
355 1184 471 1249 Salutis
499 1186 593 1249 1684.
611 1183 661 1246 dio
679 1185 730 1248 25.
758 1185 875 1248 Mensis
892 1185 956 1248 Au·
995 1183 1052 1250 SS.
1069 1185 1222 1249 Omnium
1238 1181 1482 1268 Cancellarium,
1506 1179 1596 1246 etad
1613 1179 1643 1245 S.
1660 1181 1708 1243 Mi-

235 1273 328 1356 gusti.
368 1272 559 1358 Cracoviae,
599 1273 684 1360 typis
723 1273 958 1337 Universitatis.
975 1252 978 1327 l
995 1272 1112 1336 chaelis
1124 1274 1155 1336 in
1169 1274 1254 1336 Arce
1264 1273 1472 1357 Canopicum,
1489 1271 1521 1336 J.
1535 1271 1576 1335 U.
1591 1270 1709 1346 Ductor,

234 1361 318 1448 folio,
344 1363 371 1425 3.
395 1361 428 1424 k.
454 1361 516 1426 nlb.
586 1355 592 1364 ⁸
996 1365 1027 1424 in
1044 1361 1185 1445 Collegio
1201 1363 1242 1424 D.
1257 1362 1297 1426 D.
1310 1361 1390 1425 Jure
1405 1357 1631 1425 Consultorum
1644 1358 1710 1421 cele·

466 1452 572 1518 sagien,
593 1480 623 1487 -
645 1449 764 1502 Krasths.
785 1479 815 1488 -
837 1451 921 1500 Osset.
996 1449 1133 1514 berrima
1157 1451 1380 1516 Universitatis
1400 1450 1490 1515 Crac:
1515 1449 1579 1511 ritu
1599 1447 1709 1511 solenni

302 1577 341 1586 -
367 1539 553 1604 Rusciculus
584 1539 735 1624 Myrrhae
758 1562 799 1603 ex
823 1537 959 1603 acerbis·
976 1598 978 1613 ,
995 1542 1244 1621 renunciaretur,
1258 1536 1710 1623 honorisetgratulationiser·

235 1627 306 1691 simi
334 1626 449 1692 doloris
480 1652 580 1693 messe
612 1629 761 1692 collectus
785 1638 816 1692 et
840 1640 874 1692 ut
898 1629 959 1710 sig·
976 1644 978 1693 ἑ
996 1634 1046 1712 ab,
1070 1652 1090 1691 a
1105 1629 1148 1692 M.
1173 1629 1330 1694 Stanisluo
1344 1627 1484 1711 Josepho
1501 1625 1711 1690 Biezanowslri

234 1716 384 1780 naculum
401 1739 497 1802 super
513 1711 567 1782 cor
583 1717 757 1782 dilectionis
773 1717 894 1803 positus
909 1739 960 1780 ae-
996 1717 1176 1801 Leopolieri:
1199 1721 1232 1781 in
1255 1717 1366 1781 eadem
1389 1715 1475 1780 alma
1504 1716 1711 1780 Uniuersitate

235 1817 406 1892 ternaeque
435 1808 604 1871 memoriae
632 1807 856 1891 religiosissimi
884 1804 958 1869 olim
976 1834 978 1885 !
996 1806 1087 1871 Crac:
1112 1808 1216 1893 phiae:
1240 1807 1397 1886 Doctore,
1429 1805 1550 1868 solenni
1574 1815 1711 1868 votorum

235 1904 267 1959 et
289 1894 460 1959 admodum
488 1894 654 1960 reverendi
685 1899 717 1959 in
751 1896 876 1961 Christo
901 1896 959 1958 Pa·
976 1902 978 1953 Ι
995 1895 1169 1980 applausu,
1193 1894 1348 1960 dedicata.
1390 1893 1483 1958 Anno
1506 1893 1599 1958 verbi
1622 1894 1711 1956 incar-

235 1985 291 2047 tris
314 1985 350 2047 F.
375 1985 504 2048 Martini
538 1985 720 2049 Charzewic
744 2008 763 2046 a
787 1985 829 2048 M.
855 1984 958 2048 Stani-
975 2020 978 2113 ,
995 1986 1062 2049 nati
1097 1988 1190 2050 1664.
1223 1984 1274 2048 die
1303 1987 1333 2048 7.
1360 1983 1487 2067 Aprilis.
1534 1982 1711 2064 Craeoviae,

233 2070 300 2136 slao
331 2073 470 2159 Joeepho
505 2074 724 2138 Bietanowshi
749 2083 959 2137 consecratus.
995 2073 1079 2158 apud
1104 2073 1256 2138 haeredes
1273 2071 1421 2138 stanislai
1436 2073 1640 2137 Bertutowic.
1656 2070 1712 2151 sot,

235 2161 408 2226 Cracoviae
420 2163 516 2226 Anno
531 2164 658 2226 Domini
674 2166 768 2228 1687.
786 2162 960 2228 Craroviae
976 2154 978 2254 l
999 2167 1013 2227 l
1040 2163 1111 2226 ark.

234 2262 301 2338 typ.
322 2251 469 2316 Univers.
495 2255 616 2336 (1687).
642 2251 691 2317 sol.
837 2269 923 2320 (mol,
1048 2253 1160 2336 Napisal
1183 2252 1233 2317 ode
1258 2252 1323 2302 tric:
1349 2257 1495 2335 tetrastrop.
1520 2266 1556 2300 ua
1574 2245 1649 2300 ezesc
1666 2247 1714 2298 Ma-

300 2395 343 2404 -
367 2358 545 2441 l'astigium
570 2359 755 2446 panegyrici
772 2359 886 2444 operis,
910 2381 978 2420 su¹¹
1083 2323 1323 2458 ppppyttdtpppprpa,
1342 2321 1713 2458 ppdgrpppswzopprffi

234 2468 291 2530 pra
314 2447 409 2510 trium
433 2449 587 2511 montium
611 2448 795 2530 gentilitiam
821 2446 978 2545 emines-l
1083 2483 1158 2531 przez
1179 2466 1332 2530 wojeieeha
1351 2465 1547 2530 Lancuokiego.

233 2538 274 2600 tis
298 2535 417 2618 gloriae
440 2535 566 2614 molem,
591 2559 718 2621 magno,
743 2549 774 2600 et
799 2536 960 2600 nieritissi-
1047 2539 1153 2602 Jagiell.
1174 2565 1206 2573 “
1226 2538 1324 2601 Ordyn.
1344 2537 1456 2600 Zamojs.
1475 2563 1510 2572 -·
1530 2533 1650 2587 Kmihs.

234 2647 286 2687 mo
322 2624 448 2705 honori,
484 2624 691 2688 Illustrissimi
727 2636 757 2689 ct
796 2624 960 2706 Magnifici
1062 2664 1105 2671 -
1129 2626 1282 2690 Favstvm
1312 2645 1406 2688 omen
1429 2647 1471 2688 ex
1493 2624 1631 2708 geminis
1653 2620 1713 2684 Ma-

234 2713 383 2798 Domini,
409 2713 450 2776 D.
476 2712 624 2778 Stanislai
650 2715 812 2793 Szczuka,
836 2715 958 2798 Rogcn·
995 2715 1088 2798 uortij
1115 2713 1218 2777 cordis
1241 2712 1385 2797 alitibus,
1409 2734 1499 2776 sacro
1523 2708 1714 2775 connubialis

235 2803 274 2865 tis
298 2801 514 2866 Cancellariae
538 2804 658 2888 Regni,
682 2804 833 2888 praefecti
850 2801 958 2868 Luhli·
995 2802 1115 2867 vinculi
1138 2801 1279 2875 saedere,
1312 2803 1476 2866 aeternum
1501 2802 1648 2878 sociatis,
1669 2797 1711 2860 de-

235 2891 358 2972 nensis,
390 2903 421 2955 et
444 2891 661 2973 Vilkisiensis‚
696 2890 770 2956 dum
796 2895 876 2956 inter
900 2893 960 2955 fes·
995 2892 1141 2977 ductum,
1165 2904 1197 2956 et
1209 2892 1249 2955 ad
1265 2892 1383 2956 festum
1399 2889 1552 2979 nuptiale,
1569 2888 1713 2953 illustris

234 2989 282 3043 tas
306 2979 566 3066 acclamationes,
599 2993 630 3045 et
661 2982 805 3045 solennes
829 2980 959 3064 applau-
996 2982 1147 3045 simorum
1170 2981 1438 3067 Neosponsorum,
1462 2977 1669 3043 Illustrissimi
1687 2985 1713 3038 et

235 3089 297 3152 sus,
323 3068 576 3155 splendidissimo
591 3073 753 3152 ingressus
769 3069 889 3156 publici
905 3093 959 3156 ap·
996 3070 1260 3135 Excellentissimi
1299 3069 1450 3154 Comitis,
1489 3069 1531 3132 D.
1557 3064 1713 3131 Francisci

234 3170 356 3242 paratu,
382 3159 598 3241 praefecturae
622 3181 696 3222 suae
720 3161 869 3246 auspicia,
895 3159 959 3221 Lu·
997 3159 1159 3223 Esterhazi
1199 3159 1238 3222 dc
1276 3157 1454 3237 (tatanem,
1494 3158 1644 3243 Perpetui
1681 3152 1713 3215 de

234 3245 311 3310 blini
335 3245 513 3311 felicissime
537 3247 702 3332 ordiretur,
731 3249 959 3312 officiosissimo
976 3266 979 3367 ι
995 3248 1103 3332 Frak,
1139 3249 1170 3312 S.
1195 3249 1231 3314 C.
1260 3248 1420 3334 Regiaeq3
1452 3246 1576 3310 Maiest.
1604 3245 1715 3309 Praesi-

234 3335 337 3408 cultu‚
373 3348 405 3400 et
434 3336 549 3402 affectu
580 3361 599 3400 a
621 3338 664 3401 M.
692 3337 847 3402 Stanislao
871 3339 959 3402 Jose·
995 3336 1039 3421 dij
1065 3339 1141 3421 Pap.
1167 3335 1258 3422 Supr.
1284 3337 1466 3421 Capitanei,
1491 3346 1523 3399 et
1546 3331 1715 3399 Illustrissi·

236 3425 296 3509 pho
319 3425 539 3489 Biezanowshi
563 3426 689 3513 Leopol.
722 3429 753 3490 in
777 3426 861 3490 alma
884 3425 959 3490 Uni·
995 3450 1066 3491 mae
1095 3449 1133 3488 ac
1163 3426 1369 3490 Lectissimae
1400 3424 1553 3507 Virginis:
1578 3422 1715 3488 Helenae

233 3513 384 3578 versitate
401 3516 614 3592 Cracoviensi,
639 3515 859 3599 Philosophiae
876 3516 959 3579 Doc-
996 3513 1189 3602 llleshazye,
1223 3514 1433 3580 illustrissimi
1456 3524 1487 3577 et
1511 3510 1715 3577 Excellentis-

234 3612 322 3686 tore,
347 3602 477 3683 Collega
500 3604 638 3684 Minore,
671 3605 828 3668 ordinario
853 3626 961 3688 poese-
976 3562 978 3649 l
996 3605 1065 3667 simi
1089 3603 1230 3668 Comitis.
1255 3605 1297 3666 D.
1323 3603 1453 3687 Georgii
1476 3601 1647 3688 Illeshazy.
1670 3599 1714 3662 Dc

234 3713 268 3755 os
292 3691 478 3776 professore,
502 3704 653 3778 erectum,
678 3692 778 3779 luciq3
803 3690 957 3776 publicae,
976 3684 978 3813 Ι
996 3691 1163 3768 lllesham,
1198 3691 1355 3757 Haeredis
1378 3694 1410 3755 in
1434 3691 1593 3770 Trachin,
1619 3689 1714 3755 Conri-

234 3791 463 3844 oonsecrstum.
510 3782 605 3844 Anno
637 3781 754 3846 Salutis
789 3785 883 3846 1688.
908 3781 960 3844 die
995 3792 1079 3846 tatus
1114 3781 1255 3846 ciusdem
1290 3782 1435 3867 perpetui
1469 3789 1501 3846 et
1534 3781 1715 3865 Liptouien:

235 3873 265 3935 b.
290 3869 448 3956 Jauuarij.
473 3868 662 3956 Cracoviae,
687 3871 773 3960 typis
797 3871 958 3935 Universi·
976 3826 979 3943 l
995 3872 1142 3956 supremi
1166 3894 1204 3935 ac
1220 3869 1432 3954 Haerediterij
1451 3869 1599 3947 Comitis,
1625 3865 1716 3951 Equi·

234 3957 318 4024 tatis.
343 3957 426 4042 folio,
455 3961 504 4022 10.
529 3959 678 4046 arkusay.
995 3964 1034 4024 tis
1059 3961 1175 4044 aurati,
1208 3961 1239 4026 S.
1264 3960 1360 4024 Caes:
1384 3981 1423 4022 ac
1449 3960 1570 4043 Regiae
1597 3958 1714 4021 Maiest.

288 4051 360 4098 Data
375 4048 430 4112 jesa
448 4049 604 4112 natepiona:
624 4051 674 4114 P⁰l
693 4050 738 4116 ¹112}
757 4051 807 4100 stoi
822 4049 958 4114 symetro-
996 4047 1172 4135 Consiliarij
1199 4062 1231 4112 et
1255 4047 1448 4131 Camerari',
1471 4069 1531 4111 nec
1551 4068 1619 4110 non
1635 4046 1716 4108 Prin-

323 4135 407 4179 wane,
427 4119 550 4170 Calendis
569 4123 728 4171 Decembris.
995 4140 1101 4223 cipum
1114 4139 1300 4222 Hungarjge
1313 4137 1539 4222 Dapiferomm
1552 4134 1715 4221 Regalium

288 4192 330 4241 Na
348 4192 427 4241 odwr.
448 4197 485 4239 str
513 4197 560 4256 tyt.
580 4193 642 4243 herb
663 4191 813 4252 Szczukdw,
833 4192 884 4256 pod
905 4193 958 4240 nim
1076 4227 1082 4239 .
1133 4229 1138 4241 .
1483 4228 1488 4238 .

324 4261 469 4326 hirierszy
493 4263 543 4313 luo.
563 4264 713 4328 Panegiryk
739 4279 818 4329 prosa
838 4264 883 4313 dia
902 4263 959 4312 Sta·
995 4228 1151 4312 Mflgffilsb
1184 4238 1243 4291 eto·
1268 4237 1327 4290 ⁶¹²⁰·
1351 4236 1410 4290 etss·
1435 4247 1568 4296 meae·
1593 4247 1633 4288 ³⁴⁰
1655 4221 1716 4284 ‘lul'

323 4335 435 4383 nislawa
459 4334 585 4398 Szczuki,
610 4335 690 4399 kiedy
715 4337 789 4386 tenta
813 4350 849 4384 na
873 4336 959 4386 Stare·
996 4317 1140 4380 GlSSlmae
1169 4315 1268 4397 filiae,
1303 4318 1386 4378 inl-er
1417 4315 1513 4378 festos
1546 4314 1716 4396 Congrattl·

323 4412 388 4454 stwo
416 4405 557 4488 Lubelskie
579 4423 593 4455 Ζ
613 4406 672 4472 wll
695 4405 863 4490 chanamaeis
883 4407 959 4490 wjea-
995 4405 1125 4468 lentium
1151 4405 1334 4489 applausus,
1359 4413 1543 4489 votorumq3
1569 4399 1715 4477 solennia,

323 4476 391 4526 ‘llll'
412 4477 519 4540 Konezy
539 4493 572 4542 ⁸⁰
591 4485 666 4527 autor
685 4493 836 4539 wrerszaxm,
857 4494 881 4526 w
901 4478 958 4526 ¹¹²⁰·
995 4494 1216 4578 gratulationis
1239 4503 1270 4557 et
1290 4493 1512 4557 obseruantiae
1529 4514 1616 4576 ergo,
1641 4487 1714 4554 aM.

323 4548 386 4610 rych
416 4548 559 4611 wyrhwnla
584 4555 662 4612 cnoty
690 4550 699 4598 i
722 4549 824 4613 zaslngi
851 4565 960 4614 nowego
1008 4587 1016 4605 ,
1079 4587 1084 4598 .
1344 4583 1350 4595 .
1598 4581 1604 4593 .
1689 4577 1694 4586 ·

323 4623 449 4682 Starosty.
470 4620 531 4668 Sam
550 4619 695 4684 panegiryk
716 4615 868 4683 dosturczyc'·
886 4622 959 4669 moto
996 4582 1154 4648 blanffilffl
1178 4582 1389 4647 Frankowlcz
1414 4581 1617 4666 Dlvgowskl,
1640 4575 1714 4643 Phil.

224 4679 228 4685 ’
324 4686 404 4753 dosyc'·
422 4689 602 4754 wiadomosci,
624 4693 678 4741 lucz
697 4691 959 4756 tylkoogdlnychdo
995 4675 1152 4753 Doctore,
1178 4671 1319 4736 Paroollo
1342 4670 1492 4735 Lanclm:
1518 4683 1551 4734 et
1573 4667 1714 4734 Izdebni·

325 4761 432 4824 roitziny
453 4760 608 4846 szczukow..
893 4833 899 4843 ι
996 4784 1064 4825 cen:
1082 4761 1321 4826 Officiosissimo
1333 4761 1460 4844 affeetu,
1473 4769 1713 4845 praesentatum.

359 4833 922 4898 caarmr.-Jag1elt.·-0rd.Zamon.
996 4851 1091 4914 Anno
1125 4862 1320 4914 restauratae
1351 4849 1460 4913 salutis
1494 4851 1577 4913 1661
1611 4845 1715 4910 Idibus

301 4973 343 4982 ψ
367 4938 488 5000 Fausta
504 4937 698 5022 acclamatio,
717 4941 842 5022 virtuti,
859 4950 891 5004 et
907 4939 959 5003 ho·
996 4939 1393 5023 Februarij.[Nah01lcu:]
1410 4939 1450 5002 In
1466 4938 1596 5003 officina
1607 4934 1715 5001 viduae

235 5026 316 5102 nori,
343 5025 537 5112 perillustris,
562 5038 593 5092 et
613 5027 784 5091 admodum
801 5028 961 5092 Reveren-
996 5041 1027 5092 et
1050 5029 1221 5092 haeredum
1247 5028 1411 5100 Francisci
1434 5026 1595 5113 Caesarij,
1626 5023 1658 5090 S.
1679 5024 1714 5086 R.

235 5115 267 5180 di
291 5114 356 5179 Dni
380 5117 419 5180 D.
444 5116 485 5181 M.
510 5115 651 5180 Matthiae
674 5116 834 5204 Gladysa,
864 5116 960 5181 Phiae
997 5119 1038 5182 M.
1073 5127 1105 5183 et
1139 5117 1251 5182 illustr.
1292 5140 1331 5181 ac
1364 5115 1589 5181 Reuerendiss.
1623 5113 1713 5198 episc·
